<?xml version="1.0" encoding="UTF-8"?>
<Document xmlns="urn:iso:std:iso:20022:tech:xsd:pain.001.001.03" xmlns:xsi="http://www.w3.org/2001/XMLSchema-instance">
  <CstmrCdtTrfInitn>
    <GrpHdr>
      <MsgId>201901010001</MsgId>
      <CreDtTm>2019-01-01T08:00:00</CreDtTm>
      <NbOfTxs>1</NbOfTxs>
      <CtrlSum>100.00</CtrlSum>
      <InitgPty>
        <Nm>Sender Company Ltd</Nm>
      </InitgPty>
    </GrpHdr>
    <PmtInf>
      <PmtInfId>Payment1</PmtInfId>
      <PmtMtd>TRF</PmtMtd>
      <PmtTpInf>
        <SvcLvl>
          <Cd>SEPA</Cd>
        </SvcLvl>
        <LclInstrm>
          <Cd>CORE</Cd>
        </LclInstrm>
      </PmtTpInf>
      <ReqdExctnDt>2019-01-01</ReqdExctnDt>
      <Dbtr>
        <Nm>Sender Company Ltd</Nm>
      </Dbtr>
      <DbtrAcct>
        <Id>
          <IBAN>GB29NWBK60161331926819</IBAN>
        </Id>
      </DbtrAcct>
      <ChrgBr>SLEV</ChrgBr>
      <CdtTrfTxInf>
        <PmtId>
          <EndToEndId>0001</EndToEndId>
        </PmtId>
        <Amt>
          <InstdAmt Ccy="GBP">100.00</InstdAmt>
        </Amt>
        <Cdtr>
          <Nm>Receiver Company Ltd</Nm>
        </Cdtr>
        <CdtrAcct>
          <Id>
            <IBAN>GB94BARC20198955555555</IBAN>
          </Id>
        </CdtrAcct>
        <RmtInf>
          <Ustrd>Payment for goods</Ustrd>
        </RmtInf>
      </CdtTrfTxInf>
    </PmtInf>
  </CstmrCdtTrfInitn>
</Document>
